%!TEX root = main.tex

@book{Paro,
  author    = "Patera, A.T. and Rozza, G.",
  title     = "Reduced Basis Approximation and A Posteriori Error Estimation for Parametrized Partial Differential Equations",
  publisher = "Version 1.0, Copyright MIT 2006, to appear in (tentative rubric) MIT Pappalardo Graduate Monographs in Mechanical Engineering",
  note       = "\url{http://augustine.mit.edu/methodology/methodology_bookPartI.htm}"
}

@conference{Stamm,
  author    = "Stamm, B.",
  title     = "Introduction to the Certified Reduced Basis Method",
  booktitle = "7th ZÃ¼rich Summer School",
  year      = "2012",
  note       = "\url{http://www.math.uzh.ch/conferences/index.php?id=217}"
}

@article{huynh2007successive,
  title={A successive constraint linear optimization method for lower bounds of parametric coercivity and inf--sup stability constants},
  author={Huynh, D.B.P and Rozza, G. and Sen, S. and Patera, A.T.},
  journal={Comptes Rendus Mathematique},
  volume={345},
  number={8},
  pages={473--478},
  year={2007},
  publisher={Elsevier},
  note = "\url{http://web.mit.edu/huynh/www/Papers/scm.pdf}"
}
